% Encoding: UTF-8

@InProceedings{zhang2012communication,
  author    = {Yuchen Zhang and Martin J Wainwright and John C Duchi},
  title     = {Communication-Efficient Algorithms for Statistical Optimization},
  booktitle = {Advances in Neural Information Processing Systems},
  year      = {2012},
  pages     = {1502--1510},
}

@InProceedings{Zhang2017er,
  author    = {Lijun Zhang and Tianbao Yang and Rong Jin},
  title     = {Empirical Risk Minimization for Stochastic Convex Optimization: ${O}(1/n) $-and $ {O}(1/n^2) $-type of Risk Bounds},
  booktitle = {Proceedings of the Conference on Learning Theory (COLT 2017)},
  year      = {2017},
  pages     = {1954--1979},
}

@Book{pisier1999volume,
  title     = {The volume of convex bodies and Banach space geometry},
  publisher = {Cambridge University Press},
  year      = {1999},
  author    = {Gilles Pisier},
  volume    = {94},
}

@Article{zhou2002covering,
  author    = {Ding-Xuan Zhou},
  title     = {The Covering Number in Learning Theory},
  journal   = {Journal of Complexity},
  year      = {2002},
  volume    = {18},
  number    = {3},
  pages     = {739--767},
  publisher = {Elsevier},
}

@InProceedings{Zhang2013,
  author    = {Yuchen Zhang and John Duchi and Martin Wainwright},
  title     = {Divide and conquer kernel ridge regression},
  booktitle = {Proceedings of Conference on Learning Theory (COLT 2013)},
  year      = {2013},
  pages     = {592--617},
}

@Book{Nesterov2004,
  title     = {Introductory Lectures on Convex Optimization: A Basic Course},
  publisher = {Kluwer Academic Publishers},
  year      = {2004},
  author    = {Yurii Nesterov},
}

@Book{boyd2004convex,
  title     = {Convex {O}ptimization},
  publisher = {Cambridge university press},
  year      = {2004},
  author    = {Stephen Boyd and Lieven Vandenberghe},
}

@Article{smale2007learning,
  author    = {Steve Smale and Ding-Xuan Zhou},
  title     = {Learning theory estimates via integral operators and their approximations},
  journal   = {Constructive approximation},
  year      = {2007},
  volume    = {26},
  number    = {2},
  pages     = {153--172},
  publisher = {Springer},
}

@Article{srebro2010optimistic,
  author  = {Nathan Srebro and Karthik Sridharan and Ambuj Tewari},
  title   = {Optimistic rates for learning with a smooth loss},
  journal = {arXiv preprint arXiv:1009.3896},
  year    = {2010},
}

@Article{zhou2014big,
  author    = {Zhi-Hua Zhou and Nitesh V Chawla and Yaochu Jin and Graham J Williams},
  title     = {Big data opportunities and challenges: Discussions from data analytics perspectives [discussion forum]},
  journal   = {IEEE Computational Intelligence Magazine},
  year      = {2014},
  volume    = {9},
  number    = {4},
  pages     = {62--74},
  publisher = {IEEE},
}

@InProceedings{mcdonald2009efficient,
  author    = {Ryan Mcdonald and Mehryar Mohri and Nathan Silberman and Dan Walker and Gideon S Mann},
  title     = {Efficient large-scale distributed training of conditional maximum entropy models},
  booktitle = {Advances in Neural Information Processing Systems},
  year      = {2009},
  pages     = {1231--1239},
}

@Article{lin2017distributed,
  author    = {Shao-Bo Lin and Xin Guo and Ding-Xuan Zhou},
  title     = {Distributed learning with regularized least squares},
  journal   = {The Journal of Machine Learning Research},
  year      = {2017},
  volume    = {18},
  number    = {1},
  pages     = {3202--3232},
  publisher = {JMLR. org},
}

@Article{de2005model,
  author    = {Ernesto De Vito and Andrea Caponnetto and Lorenzo Rosasco,},
  title     = {Model selection for regularized least-squares algorithm in learning theory},
  journal   = {Foundations of Computational Mathematics},
  year      = {2005},
  volume    = {5},
  number    = {1},
  pages     = {59--85},
  publisher = {Springer},
}

@Article{caponnetto2007optimal,
  author    = {Andrea Caponnetto and Ernesto De Vito},
  title     = {Optimal rates for the regularized least-squares algorithm},
  journal   = {Foundations of Computational Mathematics},
  year      = {2007},
  volume    = {7},
  number    = {3},
  pages     = {331--368},
  publisher = {Springer},
}

@InProceedings{steinwart2009optimal,
  author    = {Ingo Steinwart and Don Hus, and Clint Scovel},
  title     = {Optimal Rates for Regularized Least Squares Regression.},
  booktitle = {Proceedings of the Conference on Learning Theory (COLT 2009)},
  year      = {2009},
}

@Article{smale2007learning,
  author    = {Steve Smale and Ding-Xuan Zhou},
  title     = {Learning theory estimates via integral operators and their approximations},
  journal   = {Constructive approximation},
  year      = {2007},
  volume    = {26},
  number    = {2},
  pages     = {153--172},
  publisher = {Springer},
}

@Book{steinwart2008support,
  title     = {Support vector machines},
  publisher = {Springer Verlag},
  year      = {2008},
  author    = {Ingo Steinwart and Andreas Christmann},
  address   = {New York},
  owner     = {Administrator},
  timestamp = {2012.02.16},
}

@Article{wu2014data,
  author    = {Xindong Wu and Xingquan Zhu and Gong-Qing Wu and Wei Ding},
  title     = {Data mining with big data},
  journal   = {IEEE transactions on knowledge and data engineering},
  year      = {2014},
  volume    = {26},
  number    = {1},
  pages     = {97--107},
  publisher = {IEEE},
}

@Article{gillick2006mapreduce,
  author  = {Dan Gillick and Arlo Faria and John DeNero},
  title   = {Mapreduce: Distributed computing for machine learning},
  journal = {Berkley, Dec},
  year    = {2006},
  volume  = {18},
}

@Article{guo2017learning,
  author    = {Zheng-Chu Guo and Shao-Bo Lin and Ding-Xuan Zhou},
  title     = {Learning theory of distributed spectral algorithms},
  journal   = {Inverse Problems},
  year      = {2017},
  volume    = {33},
  number    = {7},
  pages     = {074009},
  publisher = {IOP Publishing},
}

@article{hoerl1970ridge,
  title={Ridge regression: Biased estimation for nonorthogonal problems},
  author={Arthur E Hoerl and Robert W Kennard},
  journal={Technometrics},
  volume={12},
  number={1},
  pages={55--67},
  year={1970},
  publisher={Taylor \& Francis Group}
}

@article{an2007fast,
  title={Fast cross-validation algorithms for least squares support vector machine and kernel ridge regression},
  author={Senjian An, Wanquan Liu and Svetha Venkatesh},
  journal={Pattern Recognition},
  volume={40},
  number={8},
  pages={2154--2162},
  year={2007},
  publisher={Elsevier}
}

@inproceedings{li2014scaling,
  title={Scaling Distributed Machine Learning with the Parameter Server.},
  author={Mu Li, David G Andersen, Jun Woo Park, Alexander J Smola, Amr Ahmed, Vanja Josifovski, James Long, Eugene J Shekita and Bor-Yiing Su},
  booktitle={OSDI},
  volume={14},
  pages={583--598},
  year={2014}
}

@Comment{jabref-meta: databaseType:bibtex;}
